@Article{GilGarcia2021,
  author    = {Isabel C. Gil-Garc{\'{\i}}a and Ana Fern{\'{a}}ndez-Guillam{\'{o}}n and M. Socorro Garc{\'{\i}}a-Cascales and Angel Molina-Garc{\'{\i}}a},
  journal   = {Energies},
  title     = {A Multi-Factorial Review of Repowering Wind Generation Strategies},
  year      = {2021},
  month     = {oct},
  number    = {19},
  pages     = {6280},
  volume    = {14},
  doi       = {10.3390/en14196280},
  publisher = {{MDPI} {AG}},
}

@Article{Unnewehr2021,
  author    = {Jan Frederick Unnewehr and Eddy Jalbout and Christopher Jung and Dirk Schindler and Anke Weidlich},
  journal   = {Renewable Energy},
  title     = {Getting more with less? Why repowering onshore wind farms does not always lead to more wind power generation {\textendash} A German case study},
  year      = {2021},
  month     = {dec},
  pages     = {245--257},
  volume    = {180},
  doi       = {10.1016/j.renene.2021.08.056},
  publisher = {Elsevier {BV}},
}

@Article{Madlener2019,
  author    = {Reinhard Madlener and Barbara Glensk and Lukas Gläsel},
  journal   = {Energies},
  title     = {Optimal Timing of Onshore Wind Repowering in Germany under Policy Regime Changes: A Real Options Analysis},
  year      = {2019},
  month     = {dec},
  number    = {24},
  pages     = {4703},
  volume    = {12},
  doi       = {10.3390/en12244703},
  publisher = {{MDPI} {AG}},
}

@Article{Hughes2012,
  author  = {Gordon Hughes},
  journal = {Renewable Energy Foundation},
  title   = {The Performance of Wind Farmsin the United Kingdom and Denmark},
  year    = {2012},
  url     = {https://www.ref.org.uk/attachments/article/280/ref.hughes.19.12.12.pdf},
}

@Misc{Sutton2021,
  author = {Isabel Sutton},
  month  = jun,
  title  = {Germany: will the end of feed-in tariffs mean the end of citizens-as-energy-producers},
  year   = {2021},
  url    = {https://energypost.eu/germany-will-the-end-of-feed-in-tariffs-mean-the-end-of-citizens-as-energy-producers/},
}

@Article{Hoefer2016,
  author    = {Tim Höfer and Yasin Sunak and Hafiz Siddique and Reinhard Madlener},
  journal   = {Applied Energy},
  title     = {Wind farm siting using a spatial Analytic Hierarchy Process approach: A case study of the Städteregion Aachen},
  year      = {2016},
  month     = {feb},
  pages     = {222--243},
  volume    = {163},
  doi       = {10.1016/j.apenergy.2015.10.138},
  publisher = {Elsevier {BV}},
}

@Article{Meyerhoff2010,
  author    = {Jürgen Meyerhoff and Cornelia Ohl and Volkmar Hartje},
  journal   = {Energy Policy},
  title     = {Landscape externalities from onshore wind power},
  year      = {2010},
  month     = {jan},
  number    = {1},
  pages     = {82--92},
  volume    = {38},
  doi       = {10.1016/j.enpol.2009.08.055},
  publisher = {Elsevier {BV}},
}

@Comment{jabref-meta: databaseType:bibtex;}
